@book{Alon,
author = "Uri Alon",
title = "An Introduction to Systems Biology",
publisher = "Chapman and Hall",
address = "Boca Raton, FL",
year = 2007
}

@book{Ho,    
author = "Mae-Wan Ho",
title = "The Rainbow and the Worm",
publisher = "World Scientific Publishing Company",
year = 1998                  
}


@book{Buzsaki,
author = "Gyorgy Buzsaki",
title = "Rhythms of the Brain",
publisher = "Oxford University Press",
address = "New York, NY",
year = 2006
}

@book{Rosen,
author = "Robert Rosen",
title = "Life Itself",
publisher = "Columbia University Press",
address = "New York, NY",
year = 1991
}

@book{Oyama,
author = "Susan Oyama",
title = "The Ontogeny of Information",
publisher = "Duke University Press Books",
address = "Durham, NC",
year = 2000
}