@book{Alon,
author = "Uri Alon",
title = "An Introduction to Systems Biology",
publisher = "Chapman and Hall",
address = "Boca Raton, FL",
year = 2007
}

@book{Buzsaki,
author = "Gyorgy Buzsaki",
title = "Rhythms of the Brain",
publisher = "Oxford University Press",
address = "New York, NY",
year = 2006
}

@book{Rosen,
author = "Robert Rosen",
title = "Life Itself",
publisher = "Columbia University Press",
address = "New York, NY",
year = 1991
}