@article{Schutter,
author = "Erik De Schutter",
title = "Why are computational neuroscience and systems biology so separate?",
journal = "PLoS Computational Biology",
year = 2008,
volume = 4
}                  

@article{Cock,
author = "Peter J. A. Cock and Tiago Antao and Jeffrey T. Chang and Brad A. Chapman and Cymon J. Cox and Andrew Dalke and Iddo Friedberg and Thomas Hamelryck and Frank Kauff and Bartek Wilczynski and Michiel J. L. de Hoon",
title = "Biopython: freely available Python tools for computational molecular biology and bioinformatics",
journal = "Oxford Journals | Bioinformatics",
year = 2009,
volume = 25,
pages = "1422--1423"
}                  

@article{Hodgkin,
author = "A. L. Hodgkin and A. F. Huxley",
title = "A quantitative description of membrane current and its application to conduction and excitation in nerve cells",
journal = "Journal of Physiology",
year = 1952,
volume = 117,
pages = "500--544"
}

@article{Destexhe,
author = "Alain Destexhe",
title = "Spike-and-Wave oscillations based on the properties of GABA-b receptors",
journal = "The Journal of Neuroscience",
year = 1998,
volume = 18,
pages = "9099--9111"
}

@article{Marder,
author = "Eve Marder and Astrid A. Prinz", 
title = "Modeling stability in neuron and network function: the role of activity in homeostasis",
journal = "BioEssays",
year = 2002,
volume = 24,
pages = "1145--1154"
}                  

@article{Kennedy,
author = "Mary B. Kennedy and Holly C. Beale and Holly J. Carlisle and Lorraine R. Washburn",
title = "Integration of biochemical signalling in spines",
journal = "Nature Reviews | Neuroscience",
year = 2005,
volume = 6,
pages = "423--434"
}                  

@article{Magee,
author = "Jeffrey C. Magee",
title = "Dendritic integration of excitatory synaptic input",
journal = "Nature Reviews | Neuroscience",
year = 2000,
volume = 1,
pages = "181--190"
}                  

@article{Friston,
author = "Karl Friston", 
title = "The free-energy principle: a unified brain theory?",
journal = "Nature Reviews | Neuroscience", 
year = 2010,
volume = 11,
pages = "127--138"
}                  

@book{Buzsak,
author = "Gyorgy Buzsaki",
title = "Rhythms of the Brain",
publisher = "Oxford University Press",
address = "New York, NY",
year = 2006
}

@book{Alon,
author = "Uri Alon",
title = "An Introduction to Systems Biology",
publisher = "Chapman and Hall",
address = "Boca Raton, FL",
year = 2007
}

@book{Strogatz,
author = "Steven Strogatz",
title = "Sync",
publisher = "Hyperion",
address = "New York, NY",
year = 2004
}

@book{Fall,
author = "Christopher P. Fall and Eric S. Marland and John M. Wagner and John J. Tyson",
title = "Computational Cell Biology",
publisher = "Springer-Verlag",
address = "New York, NY",
year = 2002
}