@book{Buzsaki,
author = "Gyorgy Buzsaki",
title = "Rhythms of the Brain",
publisher = "Oxford University Press",
address = "New York, NY",
year = 2006
}

@book{Alon,
author = "Uri Alon",
title = "An Introduction to Systems Biology",
publisher = "Chapman and Hall",
address = "Boca Raton, FL",
year = 2007
}

@book{Strogatz,
author = "Steven Strogatz",
title = "Sync",
publisher = "Hyperion",
address = "New York, NY",
year = 2004
}

